@ARTICLE{lloyd1982least,
  author={Lloyd, Stuart P},
  journal={IEEE Transactions on Information Theory}, 
  title={Least squares quantization in {P}{C}{M}}, 
  year={1982},
  volume={28},
  number={2},
  pages={129-137},
  doi={10.1109/TIT.1982.1056489}
}

@inproceedings{vassilvitskii2006kmeanspp,
  title={k-means++: The advantages of careful seeding},
  author={Vassilvitskii, Sergei and Arthur, David},
  booktitle={Proceedings of the eighteenth annual ACM-SIAM symposium on Discrete algorithms},
  pages={1027--1035},
  year={2006}
}

@article{hartigan1979algorithm,
  title={Algorithm AS 136: A k-means clustering algorithm},
  author={Hartigan, John A and Wong, Manchek A},
  journal={Journal of the Royal Statistical Society. Series C (Applied Statistics)},
  volume={28},
  number={1},
  pages={100--108},
  year={1979},
  publisher={JSTOR}
}

@inproceedings{yianilos1993data,
author = {Yianilos, Peter N},
title = {Data Structures and Algorithms for Nearest Neighbor Search in General Metric Spaces},
year = {1993},
isbn = {0898713137},
publisher = {Society for Industrial and Applied Mathematics},
address = {USA},
booktitle = {Proceedings of the Fourth Annual ACM-SIAM Symposium on Discrete Algorithms},
pages = {311â€“321},
numpages = {11},
keywords = {metric space, clustering, nearest neighbor, computational geometry, associative memory, pattern recognition, randomized methods},
location = {Austin, Texas, USA},
series = {SODA '93}
}



